@book{robertlinux,
  title={Linux Kernel Development},
  author={Robert, L.},
  isbn={9788131758182},
  url={https://books.google.com.br/books?id=1nCQJE0oRE0C},
  publisher={Pearson Education India}
}
@ONLINE {scall,
    title = "System  Call",
    url   = "http://www.facom.ufu.br/~rivalino/gbc045/%5b2%5d%20Papers%20\&%20TRs/System%20Call.pdf"
}
@ONLINE {getpid,
    title = "kernel: efficient way to find task\_struct by pid?",
    month = "jan",
    year  = "2012",
    url   = "https://stackoverflow.com/questions/8547332/kernel-efficient-way-to-find-task-struct-by-pid"
}